<record><leader>00000cas a22000007a 4500</leader><controlfield tag="001">13682053</controlfield><controlfield tag="008">860603d18361844pauwr ne      0    0eng d</controlfield><datafield ind1=" " ind2=" " tag="010"><subfield code="a">sn 86083323 </subfield></datafield><datafield ind1=" " ind2=" " tag="040"><subfield code="a">NPH</subfield><subfield code="b">eng</subfield><subfield code="c">NPH</subfield><subfield code="d">OCLCQ</subfield></datafield><datafield ind1=" " ind2=" " tag="042"><subfield code="a">msc</subfield></datafield><datafield ind1="0" ind2="0" tag="245"><subfield code="a">Spirit of the times, and democratic press.</subfield></datafield><datafield ind1="3" ind2="0" tag="246"><subfield code="a">Democratic press</subfield></datafield><datafield ind1=" " ind2=" " tag="260"><subfield code="a">Mifflintown, Pa. :</subfield><subfield code="b">Samuel Schrack</subfield></datafield><datafield ind1=" " ind2=" " tag="300"><subfield code="a">v. ;</subfield><subfield code="c">49-54 cm.</subfield></datafield><datafield ind1=" " ind2=" " tag="310"><subfield code="a">Weekly</subfield></datafield><datafield ind1="1" ind2=" " tag="362"><subfield code="a">Began in Sept., 1836; ceased in May, 1844.</subfield><subfield code="z">Cf. Hist. of Juniata and Susquehanna Valleys.</subfield></datafield><datafield ind1=" " ind2=" " tag="500"><subfield code="a">Publisher: J.G. Sample, &lt;Oct. 20, 1842&gt;.</subfield></datafield><datafield ind1=" " ind2=" " tag="500"><subfield code="a">Published every Wednesday.</subfield></datafield><datafield ind1=" " ind2=" " tag="588"><subfield code="a">Description based on: Vol. 4, no. 1 (Dec. 4, 1839).</subfield></datafield><datafield ind1=" " ind2=" " tag="752"><subfield code="a">United States</subfield><subfield code="b">Pennsylvania</subfield><subfield code="c">Juniata</subfield><subfield code="d">Mifflintown.</subfield></datafield><datafield ind1="0" ind2="0" tag="785"><subfield code="t">Juniata times</subfield><subfield code="w">(DLC)sn 86081824</subfield></datafield></record>